
@chapter{chivardi2016analisis,
  title={An{\'a}lisis cualitativo de modelos b{\'a}sicos de transmisi{\'o}n infecciosa},
  author={Chivardi-Moreno, Carlos  and McKiernan, Erin Christy  and Herrera-Valdez, Marco Arieli},
  booktitle={Modelaci{\'o}n matem{\'a}tica. Principios y aplicaciones.},
  volume={1},
  pages={225},
  year={2016},
  publisher={Textos Cient{\'\i}ficos, BUAP}
}

@chapter{chivardi2016modelos,
  title={Modelos metapoblacionales basicos de transmisi{\'o}n de enfermedades infecciosas},
  author={Chivardi-Moreno, Carlos and McKiernan, Erin Christy and Herrera-Valdez, Marco Arieli},
  booktitle={Modelación matemática. Principios y aplicaciones.},
  volume={1},
  pages={135--152},
  year={2016},
  publisher={Textos Científicos, BUAP}
}

@article{herrera2011multiple,
  title={Multiple outbreaks for the same pandemic: Local transportation and social distancing explain the different" waves" of A-H1N1pdm cases observed in M{\'e}xico during 2009},
  author={Herrera-Valdez, M and Cruz-Aponte, Maytee and Castillo-Chavez, Carlos},
  journal={Mathematical Biosciences and Engineering (MBE)},
  volume={8},
  number={1},
  pages={21--48},
  year={2011}
}


@article{herrera2020tesis,
  title={Modelo probabilista de dinámica de propagación de infecciones},
  author={Herrera-Nolasco, CI},
  journal={Tesis de Licenciatura en Matemáticas, Facultad de Ciencias},
  year={2020},
  publisher={Universidad Nacional Autónoma de México}
}

@article{herrera2020pNIW,
  title={A stochastic model for the study of infectious disease dynamics},
  author={CI Herrera-Nolasco, SI López-Ortega, MA Herrera-Valdez},
  journal={In revision},
  year={2020},
  publisher={}
}

@article{herrera2020cfr,
  title={Initial dynamics and general properties of case fatality ratios for COVID-19 a few weeks into the pandemic},
  author={CI Herrera-Nolasco, EA Herrera-McKiernan, AJ Herrera-McKiernan, E O'Reilly-Regueiro, MA Herrera-Valdez},
  journal={In preparation},
  year={2020},
}

@misc{herrera2020cfrGitHub,
  title={Time series analysis and modeling of the COVID-19 pandemic},
  author={MA Herrera-Valdez},
  year={2020},
  howpublished="\url{https://scab-unam.github.io/tsamCOVID-19/}",
}

@article{lauer2020incubation,
  title={The incubation period of coronavirus disease 2019 (COVID-19) from publicly reported confirmed cases: estimation and application},
  author={Lauer, Stephen A and Grantz, Kyra H and Bi, Qifang and Jones, Forrest K and Zheng, Qulu and Meredith, Hannah R and Azman, Andrew S and Reich, Nicholas G and Lessler, Justin},
  journal={Annals of internal medicine},
  year={2020}
}


@article{liu2020viral,
  title={Viral dynamics in mild and severe cases of COVID-19},
  author={Liu, Yang and Yan, Li-Meng and Wan, Lagen and Xiang, Tian-Xin and Le, Aiping and Liu, Jia-Ming and Peiris, Malik and Poon, Leo LM and Zhang, Wei},
  journal={The Lancet Infectious Diseases},
  year={2020},
  publisher={Elsevier}
}


@article{rothe2020transmission,
  title={Transmission of 2019-nCoV infection from an asymptomatic contact in Germany},
  author={Rothe, Camilla and Schunk, Mirjam and Sothmann, Peter and Bretzel, Gisela and Froeschl, Guenter and Wallrauch, Claudia and Zimmer, Thorbj{\"o}rn and Thiel, Verena and Janke, Christian and Guggemos, Wolfgang and others},
  journal={New England Journal of Medicine},
  volume={382},
  number={10},
  pages={970--971},
  year={2020},
  publisher={Mass Medical Soc}
}

@article{zhou2020clinical,
  title={Clinical course and risk factors for mortality of adult inpatients with COVID-19 in Wuhan, China: a retrospective cohort study},
  author={Zhou, Fei and Yu, Ting and Du, Ronghui and Fan, Guohui and Liu, Ying and Liu, Zhibo and Xiang, Jie and Wang, Yeming and Song, Bin and Gu, Xiaoying and others},
  journal={The Lancet},
  year={2020},
  publisher={Elsevier}
}

