/Users/curandero/docs/epidemiology.bib